@inproceedings{aloul2009two,
  title={Two factor authentication using mobile phones},
  author={Aloul, Fadi and Zahidi, Syed and El-Hajj, Wassim},
  booktitle={Computer Systems and Applications, 2009. AICCSA 2009. IEEE/ACS International Conference on},
  pages={641--644},
  year={2009},
  organization={IEEE},
  url={http://staff.aub.edu.lb/~we07/Publications/Two\%20Factor\%20Authentication\%20Using\%20Mobile\%20Phones.pdf}
}

@inproceedings{bhargav2006privacy,
  title={Privacy preserving multi-factor authentication with biometrics},
  author={Bhargav-Spantzel, Abhilasha and Squicciarini, Anna and Bertino, Elisa},
  booktitle={Proceedings of the second ACM workshop on Digital identity management},
  pages={63--72},
  year={2006},
  organization={ACM}
}

@book{bishop2006pattern,
  title={Pattern recognition and machine learning},
  author={Bishop, Christopher M},
  year={2006},
  publisher={springer}
}

@incollection{bartmann1997psylock,
  title={PSYLOCK—Identifikation eines Tastaturbenutzers durch Analyse des Tippverhaltens},
  author={Bartmann, Dieter},
  booktitle={Informatik’97 Informatik als Innovationsmotor},
  pages={327--334},
  year={1997},
  publisher={Springer}
}

@incollection{dholi2013typing,
  title={Typing pattern recognition using keystroke dynamics},
  author={Dholi, Poonam Rangnath and Chaudhari, KP},
  booktitle={Mobile Communication and Power Engineering},
  pages={275--280},
  year={2013},
  publisher={Springer}
}

@inproceedings{moskovitch2009identity,
  title={Identity theft, computers and behavioral biometrics},
  author={Moskovitch, Robert and Feher, Clint and Messerman, Arik and Kirschnick, Niklas and Mustafi{\'c}, Tarik and Camtepe, Ahmet and Löhlein, Bernhard and Heister, Ulrich and Möller, Sebastian and Rokach, Lior and others},
  booktitle={Intelligence and Security Informatics, 2009. ISI'09. IEEE International Conference on},
  pages={155--160},
  year={2009},
  organization={IEEE}
}

@article{shanker2007off,
  title={Off-line signature verification using DTW},
  author={Shanker, A Piyush and Rajagopalan, AN},
  journal={Pattern recognition letters},
  volume={28},
  number={12},
  pages={1407--1414},
  year={2007},
  publisher={Elsevier}
}

@inproceedings{mantyjarvi2005identifying,
  title={Identifying users of portable devices from gait pattern with accelerometers},
  author={M{\"a}ntyj{\"a}rvi, Jani and Lindholm, Mikko and Vildjiounaite, Elena and M{\"a}kel{\"a}, Satu-Marja and Ailisto, HA},
  booktitle={Acoustics, Speech, and Signal Processing, 2005. Proceedings.(ICASSP'05). IEEE International Conference on},
  volume={2},
  pages={ii--973},
  year={2005},
  organization={IEEE}
}

@article{clarke2007authenticating,
  title={Authenticating mobile phone users using keystroke analysis},
  author={Clarke, Nathan L and Furnell, SM},
  journal={International Journal of Information Security},
  volume={6},
  number={1},
  pages={1--14},
  year={2007},
  publisher={Springer}
}

@misc{johnstonsmartwatch,
  title={Smartwatch-Based Biometric Gait Recognition},
  author={Johnston, Andrew H and Weiss, Gary M},
  howpublished = {\url{http://storm.cis.fordham.edu/gweiss/papers/btas-2015.pdf}},
  note = {Accessed: 2015-12-10}
}

@misc{braunuser,
  title={User authentication from acceleration sensor data},
  author={Braun, Tobias},
  howpublished = {\url{http://www.mobsec.rub.de/media/mobsec/arbeiten/2014/12/12/2014-ba-braun-knockknock.pdf}},
  note = {Accessed: 2015-12-10}
}

@inproceedings{miluzzo2012tapprints,
  title={Tapprints: your finger taps have fingerprints},
  author={Miluzzo, Emiliano and Varshavsky, Alexander and Balakrishnan, Suhrid and Choudhury, Romit Roy},
  booktitle={Proceedings of the 10th international conference on Mobile systems, applications, and services},
  pages={323--336},
  year={2012},
  organization={ACM}
}

@inproceedings{wang2015mole,
  title={MoLe: Motion Leaks through Smartwatch Sensors},
  author={Wang, He and Lai, Ted Tsung-Te and Roy Choudhury, Romit},
  booktitle={Proceedings of the 21st Annual International Conference on Mobile Computing and Networking},
  pages={155--166},
  year={2015},
  organization={ACM}
}

@inproceedings{palshikar2009simple,
  title={Simple algorithms for peak detection in time-series},
  author={Palshikar, G and others},
  booktitle={Proc. 1st Int. Conf. Advanced Data Analysis, Business Analytics and Intelligence},
  year={2009}
}

@misc{accountsharing,
  title = {Nearly 60\% of U.S. broadband households use OTT video services, but ``Account Sharing'' is prevalent},
  author={{Parks Associates}},
  howpublished = {\url{http://www.parksassociates.com/blog/article/cus-2015-pr11}},
  note = {Accessed: 2015-12-10}
}

@article{starbug2008bastel,
  title={Basteltips Biometrieversand},
  author={evelyn and starbug},
  journal={die datenschleuder},
  volume={92},
  pages={56f},
  year={2008},
  publisher={chaos computer club}
}

@inproceedings{fiebig2014security,
  title={Security impact of high resolution smartphone cameras},
  author={Fiebig, Tobias and Krissler, Jan and Hänsch, Ronny},
  journal={Proceedings of the 8th USENIX conference on Offensive Technologies},
  publisher={USENIX Association},
  year={2014},
}